%% Use http://www.bioinformatics.org/texmed/ to generate these!

% 17209126 
@Article{pmid17209126,
   Author="Evans, M. M. ",
   Title="{{T}he indeterminate gametophyte1 gene of maize encodes a {L}{O}{B} domain protein required for embryo {S}ac and leaf development}",
   Journal="Plant Cell",
   Year="2007",
   Volume="19",
   Number="1",
   Pages="46--62",
   Month="Jan"
}


